<record><leader>00000cas a22000007a 4500</leader><controlfield tag="001">22147574</controlfield><controlfield tag="008">900726d18501851mduwr ne      0    0eng d</controlfield><datafield ind1=" " ind2=" " tag="010"><subfield code="a">sn 90057211 </subfield></datafield><datafield ind1=" " ind2=" " tag="040"><subfield code="a">MFN</subfield><subfield code="b">eng</subfield><subfield code="c">MFN</subfield><subfield code="d">OCLCQ</subfield></datafield><datafield ind1=" " ind2=" " tag="042"><subfield code="a">msc</subfield></datafield><datafield ind1="0" ind2=" " tag="130"><subfield code="a">Torch light (Hagerstown, Md. : 1850)</subfield></datafield><datafield ind1="1" ind2="4" tag="245"><subfield code="a">The torch light.</subfield></datafield><datafield ind1=" " ind2=" " tag="260"><subfield code="a">Hagerstown [Md.] :</subfield><subfield code="b">Bell &amp; Marsh</subfield></datafield><datafield ind1=" " ind2=" " tag="300"><subfield code="a">v.</subfield></datafield><datafield ind1=" " ind2=" " tag="310"><subfield code="a">Weekly</subfield></datafield><datafield ind1="1" ind2=" " tag="362"><subfield code="a">Began in 1850? Ceased in 1851?</subfield></datafield><datafield ind1=" " ind2=" " tag="588"><subfield code="a">Description based on: Vol. 37, no. 38 (June 27, 1850).</subfield></datafield><datafield ind1=" " ind2=" " tag="752"><subfield code="a">United States</subfield><subfield code="b">Maryland</subfield><subfield code="c">Washington</subfield><subfield code="d">Hagerstown.</subfield></datafield><datafield ind1="0" ind2="0" tag="780"><subfield code="t">Hagers-Town torch light</subfield><subfield code="w">(DLC)sn 89060189</subfield></datafield><datafield ind1="0" ind2="7" tag="785"><subfield code="t">Hagerstown herald of freedom</subfield><subfield code="w">(DLC)sn 89061530</subfield></datafield><datafield ind1="0" ind2="7" tag="785"><subfield code="t">Herald of freedom and torch light</subfield><subfield code="w">(DLC)sn 89061529</subfield></datafield></record>